<record><leader>00000cas a22000007a 4500</leader><controlfield tag="001">32502414</controlfield><controlfield tag="008">950518d18731876vaumr ne      0    0eng d</controlfield><datafield ind1=" " ind2=" " tag="010"><subfield code="a">sn 95079580 </subfield></datafield><datafield ind1=" " ind2=" " tag="040"><subfield code="a">NVK</subfield><subfield code="b">eng</subfield><subfield code="c">NVK</subfield><subfield code="d">OCLCQ</subfield></datafield><datafield ind1=" " ind2=" " tag="043"><subfield code="a">n-us-va</subfield></datafield><datafield ind1="0" ind2=" " tag="130"><subfield code="a">Sunday School (New Market, Va.)</subfield></datafield><datafield ind1="1" ind2="0" tag="245"><subfield code="a">Sunday school.</subfield></datafield><datafield ind1=" " ind2=" " tag="260"><subfield code="a">New Market, Shenandoah Valley, Va. :</subfield><subfield code="b">Henkel, Calvert &amp; Bowman,</subfield><subfield code="c">-1876.</subfield></datafield><datafield ind1=" " ind2=" " tag="300"><subfield code="a">v.</subfield></datafield><datafield ind1=" " ind2=" " tag="310"><subfield code="a">Monthly</subfield></datafield><datafield ind1="1" ind2=" " tag="362"><subfield code="a">Began in 1873.</subfield></datafield><datafield ind1="0" ind2=" " tag="362"><subfield code="a">-v. 3, no. 8 (Feb., 1876).</subfield></datafield><datafield ind1=" " ind2=" " tag="500"><subfield code="a">"Dedicated to the children of the Church."</subfield></datafield><datafield ind1=" " ind2=" " tag="500"><subfield code="a">Publisher varies: Henkel, Calvert, &amp; Co., &lt;1874&gt; ; Henkel &amp; Co., &lt;1875&gt;-</subfield></datafield><datafield ind1=" " ind2=" " tag="580"><subfield code="a">Issued by the publisher of: Our Church Paper.</subfield></datafield><datafield ind1=" " ind2=" " tag="588"><subfield code="a">Description based on: Vol. 1, no. 2 (Aug. 1, 1873).</subfield></datafield><datafield ind1=" " ind2="0" tag="650"><subfield code="a">Lutheran Church</subfield><subfield code="z">Virginia</subfield><subfield code="v">Newspapers.</subfield></datafield><datafield ind1=" " ind2="0" tag="650"><subfield code="a">Sunday schools</subfield><subfield code="v">Newspapers.</subfield></datafield><datafield ind1=" " ind2="0" tag="651"><subfield code="a">New Market (Va.)</subfield><subfield code="v">Newspapers.</subfield></datafield><datafield ind1=" " ind2="0" tag="651"><subfield code="a">Shenandoah Valley (Va.)</subfield><subfield code="v">Newspapers.</subfield></datafield><datafield ind1=" " ind2=" " tag="752"><subfield code="a">United States</subfield><subfield code="b">Virginia</subfield><subfield code="c">Shenandoah</subfield><subfield code="d">New Market.</subfield></datafield><datafield ind1="0" ind2="0" tag="785"><subfield code="t">Our Sunday school</subfield><subfield code="w">(DLC)   43019207</subfield></datafield><datafield ind1="1" ind2=" " tag="787"><subfield code="t">Our Church paper</subfield><subfield code="w">(DLC)sn 93060373</subfield></datafield></record>